@book{ValgrindDOC,
    title = {Valgrind Documentation, Release 3.16.0 27 May 2020},
    year = {2000-2019}
}

@misc{reModule,
title = {{re — Regular expression operations}},
note = {URL: \url{https://docs.python.org/3/library/re.html}},
     year = {2001-2020}
}

@book{Vitas,
    title = {Prevodioci i interpretatori},
    author = {Duško M. Vitas},
    year = {2006},
    publisher = {Matematički Fakultet, Beograd}
}

@misc{BBV,
title = {{BBV: an experimental basic block vector generation tool}},
note = {URL: \url{https://www.valgrind.org/docs/manual/bbv-manual.html}},
     year = {2000-2020}
}

@misc{DHAT,
title = {{DHAT: a dynamic heap analysis tool}},
note = {URL: \url{https://www.valgrind.org/docs/manual/dh-manual.html}},
     year = {2000-2020}
}

@misc{Massif,
title = {{Massif: a heap profiler}},
note = {URL: \url{https://www.valgrind.org/docs/manual/ms-manual.html}},
     year = {2000-2020}
}

@misc{Drd,
title = {{DRD: a thread error detector}},
note = {URL: \url{https://www.valgrind.org/docs/manual/drd-manual.html}},
     year = {2000-2020}
}

@misc{Helgrind,
title = {{Helgrind: a thread error detector}},
note = {URL: \url{https://www.valgrind.org/docs/manual/hg-manual.html}},
     year = {2000-2020}
}

@misc{Callgrind,
title = {{Callgrind: a call-graph generating cache and branch prediction profiler}},
note = {URL: \url{https://www.valgrind.org/docs/manual/cl-manual.html}},
     year = {2000-2020}
}

@misc{Cachegrind,
title = {{Cachegrind: a cache and branch-prediction profiler}},
note = {URL: \url{https://www.valgrind.org/docs/manual/cg-manual.html}},
     year = {2000-2020}
}

@misc{Memcheck,
title = {{Memcheck: a memory error detector}},
note = {URL: \url{https://www.valgrind.org/docs/manual/mc-manual.html}},
     year = {2000-2020}
}

@misc{ValgrindCore,
title = {{Using and understanding the Valgrind core}},
note = {URL: \url{https://www.valgrind.org/docs/manual/manual-core.html}},
     year = {2000-2020}
}

@misc{Valgrind,
title = {{Valgrind}},
note = {URL: \url{https://valgrind.org}},
     year = {2000-2020}
}

@misc{03DinamickaAnaliza,
title = {{Dinamička analiza}},
note = {URL: \url{http://www.verifikacijasoftvera.matf.bg.ac.rs/vs/predavanja/03_dinamicka_analiza/03_dinamicka_analiza.pdf}},
     author = {Milena Vujošević Janičić},
     year = {2020}
}

@misc{02Motivacija,
title = {{Verifikacija softvera - Motivacija}},
note = {URL: \url{http://www.verifikacijasoftvera.matf.bg.ac.rs/vs/predavanja/01_uvod/02_motivacija.pdf}},
     author = {Milena Vujošević Janičić},
     year = {2020}
}
